@book{law2014simulation,
  title={Simulation Modeling and Analysis},
  author={Law, Averill M.},
  year={2014},
  publisher={McGraw-Hill Education},
  edition={5th},
  address={New York, NY},
  note={Focuses on discrete-event simulation techniques and their applications}
}

@book{wooldridge2009introduction,
  title={An Introduction to MultiAgent Systems},
  author={Wooldridge, Michael},
  year={2009},
  publisher={John Wiley \& Sons},
  edition={2nd},
  address={Chichester, UK},
  note={Overview of agent-based systems, including BDI agents}
}

@article{evans2021public,
  title={A Multigraph Approach to Modeling Public Transportation Networks},
  author={Evans, Daniel and Smith, Rebecca},
  journal={Journal of Transportation Research},
  volume={48},
  pages={14--23},
  year={2021},
  publisher={Elsevier},
  note={Discusses the use of multigraphs to represent public transportation systems}
}

@article{rao1995bdi,
  title={BDI agents: From theory to practice},
  author={Rao, Anand S. and Georgeff, Michael P.},
  journal={Proceedings of the First International Conference on Multi-Agent Systems (ICMAS)},
  pages={312--319},
  year={1995},
  note={Describes the BDI (Belief-Desire-Intention) model for agent systems}
}

@inproceedings{hart1968formal,
  title={A formal basis for the heuristic determination of minimum cost paths},
  author={Hart, Peter E. and Nilsson, Nils J. and Raphael, Bertram},
  booktitle={IEEE Transactions on Systems Science and Cybernetics},
  volume={4},
  number={2},
  pages={100--107},
  year={1968},
  publisher={IEEE},
  note={Introduces the A* algorithm for pathfinding}
}

@book{cormen2009introduction,
  title={Introduction to Algorithms},
  author={Cormen, Thomas H. and Leiserson, Charles E. and Rivest, Ronald L. and Stein, Clifford},
  year={2009},
  publisher={MIT Press},
  edition={3rd},
  address={Cambridge, MA},
  note={Contains detailed explanations of heaps and other data structures}
}

@misc{llm_overview,
  title = {Large Language Models: A Survey},
  author = {A. Brown et al.},
  year = {2020},
  howpublished = {\url{https://arxiv.org/abs/2005.14165}},
  note = {Consultado: 2024-10-14}
}

@misc{gemini_model,
  title = {Gemini-1.5 Flash Language Model},
  author = {Google DeepMind},
  year = {2023},
  howpublished = {\url{https://developers.generativeai.google}},
  note = {Consultado: 2024-10-14}
}

@misc{onei2022,
  title = {Estudios y Datos de Población 2022},
  author = {Oficina Nacional de Estadísticas e Información},
  year = {2023},
  publisher = {Oficina Nacional de Estadísticas e Información},
  note = {Accessed: {2023-10-26}},
  url = {https://www.onei.gob.cu/estudios-y-datos-de-poblacion-2022}
}

@article{aja2023,
  author = {Aja Díaz, Antonio and Rodríguez García, Arianna and Orbea López, Marbelis},
  title = {COVID-19, migración externa y desplazamientos territoriales en Cuba, una mirada diferente a la población residente en la capital del país},
  journal = {Novedades en Población},
  volume = {16},
  number = {32},
  pages = {},
  month = {January},
  year = {2023}
}

@misc{apklis,
  title = {Mobilweb urbanos: Apklis - Centro Cubano de Aplicaciones Android},
  howpublished = {\url{https://apklis.cu/application/cu.geomix.mwurbanos.}},
  year = {2023},
  number = {9}
}